@misc{MathleteSociety2024,
  title        = {History of Damath},
  author       = {Samar Colleges, Inc. - Mathletes Society},
  howpublished = {Facebook},
  year         = {2024},
  url          = {https://www.facebook.com/share/p/14DuGMGdEe/},
  date         = {2024-09-16}
}

@article{thielman1953definition,
  title        = {On the Definition of Functions},
  author       = {Thielman, HP},
  journal      = {The American Mathematical Monthly},
  volume       = {60},
  number       = {4},
  pages        = {259--262},
  year         = {1953},
  publisher    = {JSTOR}
}

@article{leithold1972calculus,
  title        = {The calculus with analytic geometry},
  author       = {Leithold, Louis},
  journal      = {(No Title)},
  year         = {1972}
}

@misc{pytorch,
  title        = {A Gentle Introduction to torch.autograd}, 
  year         = {2017},
  author       = {{Pytorch Developers}},
  url          = {https://pytorch.org/tutorials/beginner/blitz/autograd_tutorial.html}, 
  journal      = {}
} 

@article{activation,
  title        = {Three Decades of Activations: A Comprehensive Survey of 400 Activation Functions for Neural Networks},
  author       = {Kunc, Vladim{\'\i}r and Kl{\'e}ma, Ji{\v{r}}{\'\i}},
  journal      = {arXiv preprint arXiv:2402.09092},
  year         = {2024}
}

@article{calder2020calculus,
  title        = {The calculus of variations},
  author       = {Calder, Jeff},
  journal      = {University of Minnesota},
  volume       = {40},
  year         = {2020}
}

@article{loss,
  title        = {An investigation for loss functions widely used in machine learning},
  author       = {Nie, Feiping and Hu, Zhanxuan and Li, Xuelong},
  journal      = {Communications in Information and Systems},
  volume       = {18},
  number       = {1},
  pages        = {37--52},
  year         = {2018},
  publisher    = {International Press of Boston}
}

@book{widder2012advanced,
  title        = {Advanced calculus},
  author       = {Widder, David V},
  year         = {2012},
  publisher    = {Courier Corporation}
}

@article{wilamowski2009neural,
  title        = {Neural network architectures and learning algorithms},
  author       = {Wilamowski, Bogdan M},
  journal      = {IEEE Industrial Electronics Magazine},
  volume       = {3},
  number       = {4},
  pages        = {56--63},
  year         = {2009},
  publisher    = {IEEE}
}

@article{bjorck2018understanding,
  title        = {Understanding batch normalization},
  author       = {Bjorck, Nils and Gomes, Carla P and Selman, Bart and Weinberger, Kilian Q},
  journal      = {Advances in neural information processing systems},
  volume       = {31},
  year         = {2018}
}

@article{kadam2020cnn,
  title        = {CNN model for image classification on MNIST and fashion-MNIST dataset},
  author       = {Kadam, Shivam S and Adamuthe, Amol C and Patil, Ashwini B},
  journal      = {Journal of scientific research},
  volume       = {64},
  number       = {2},
  pages        = {374--384},
  year         = {2020}
}

@book{gurney2018introduction,
  title        = {An introduction to neural networks},
  author       = {Gurney, Kevin},
  year         = {2018},
  publisher    = {CRC press}
}

@book{diestel2024graph,
  title        = {Graph theory},
  author       = {Diestel, Reinhard},
  year         = {2024},
  publisher    = {Springer (print edition); Reinhard Diestel (eBooks)}
}

@misc{jontromp,
  title        = {Number of legal Go positions},
  author       = {John Tromp},
  howpublished = {GitHub},
  year         = {2024},
  url          = {http://tromp.github.io/go/legal.html},
  date         = {2024-12-12}
}

@misc{leakyRelu, 
  title        = {Leaky ReLU Pytorch Documentation},
  author       = {PyTorch Developers},
  howpublished = {site},
  url          = {https://pytorch.org/docs/stable/generated/torch.nn.LeakyReLU.html},
  year         = {2025}
}

@article{DBLP:journals/corr/OSheaN15,
  author       = {Keiron O'Shea and Ryan Nash},
  title        = {An Introduction to Convolutional Neural Networks},
  journal      = {CoRR},
  volume       = {abs/1511.08458},
  year         = {2015},
  url          = {http://arxiv.org/abs/1511.08458},
  eprinttype   = {arXiv},
  eprint       = {1511.08458},
  timestamp    = {Mon, 13 Aug 2018 16:46:52 +0200},
  biburl       = {https://dblp.org/rec/journals/corr/OSheaN15.bib},
  bibsource    = {dblp computer science bibliography, https://dblp.org}
}

@misc{silver2017masteringchessshogiselfplay,
  title        = {Mastering Chess and Shogi by Self-Play with a General Reinforcement Learning Algorithm}, 
  author       = {David Silver and Thomas Hubert and Julian Schrittwieser and Ioannis Antonoglou and Matthew Lai and Arthur Guez and Marc Lanctot and Laurent Sifre and Dharshan Kumaran and Thore Graepel and Timothy Lillicrap and Karen Simonyan and Demis Hassabis},
  year          = {2017},
  eprint        = {1712.01815},
  archivePrefix = {arXiv},
  primaryClass  = {cs.AI},
  url           = {https://arxiv.org/abs/1712.01815}, 
}

@misc{damathrules,
  title         = {Rules of Damath},
  author        = {Deped Bohol},
  year          = {2014},
  url           = {http://depedbohol.org/v2/wp-content/uploads/2014/09/Rules-of-Damath.pdf}
}

@article{Popic_Boskovic_Brest_2021,
  title         = {Deep Learning and the Game of Checkers},
  volume        = {27},
  url           = {http://www.mendel-journal.org/index.php/mendel/article/view/163},
  DOI           = {10.13164/mendel.2021.2.001},
  number        = {2},
  journal       = {MENDEL},
  author        = {Popic, Jan and Boskovic, Borko and Brest, Janez},
  year          = {2021},
  month         = {Dec.},
  pages         = {1-6}
}

@incollection{MYCIELSKI199241,
  title         = {Chapter 3 Games with perfect information},
  booktitle     = {Handbook of Game Theory with Economic Applications},
  publisher     = {Elsevier},
  volume        = {1},
  pages         = {41-70},
  year          = {1992},
  issn          = {1574-0005},
  doi           = {https://doi.org/10.1016/S1574-0005(05)80006-2},
  url           = {https://www.sciencedirect.com/science/article/pii/S1574000505800062},
  author        = {Jan Mycielski}
}
@article{vaswani2017attention,
  title         = {Attention is all you need},
  author        = {Vaswani, Ashish and Shazeer, Noam and Parmar, Niki and Uszkoreit, Jakob and Jones, Llion and Gomez, Aidan N and Kaiser, {\L}ukasz and Polosukhin, Illia},
  journal       = {Advances in neural information processing systems},
  volume        = {30},
  year          = {2017}
}

@book{hsu2002behind,
  title         = {Behind Deep Blue: Building the computer that defeated the world chess champion},
  author        = {Hsu, Feng-Hsiung},
  year          = {2002},
  publisher     = {Princeton University Press}
}

@article{probabilitydef,
  title={A practical overview on probability distributions},
  author={Viti, Andrea and Terzi, Alberto and Bertolaccini, Luca},
  journal={Journal of thoracic disease},
  volume={7},
  number={3},
  pages={E7},
  year={2015}
}

@misc{czech2024representationmattersmasteringchess,
  title         = {Representation Matters for Mastering Chess: Improved Feature Representation in AlphaZero Outperforms Switching to Transformers}, 
  author        = {Johannes Czech and Jannis Bl√ºml and Kristian Kersting and Hedinn Steingrimsson},
  year          = {2024},
  eprint        = {2304.14918},
  archivePrefix = {arXiv},
  primaryClass  = {cs.AI},
  url           = {https://arxiv.org/abs/2304.14918}, 
}

@misc{dosovitskiy2021imageworth16x16words,
  title         = {An Image is Worth 16x16 Words: Transformers for Image Recognition at Scale}, 
  author        = {Alexey Dosovitskiy and Lucas Beyer and Alexander Kolesnikov and Dirk Weissenborn and Xiaohua Zhai and Thomas Unterthiner and Mostafa Dehghani and Matthias Minderer and Georg Heigold and Sylvain Gelly and Jakob Uszkoreit and Neil Houlsby},
  year          = {2021},
  eprint        = {2010.11929},
  archivePrefix = {arXiv},
  primaryClass  = {cs.CV},
  url           = {https://arxiv.org/abs/2010.11929}, 
}

@article{fuller2025simpler,
  title         = {Simpler Fast Vision Transformers with a Jumbo CLS Token},
  author        = {Fuller, Anthony and Yassin, Yousef and Kyrollos, Daniel G and Shelhamer, Evan and Green, James R},
  journal       = {arXiv preprint arXiv:2502.15021},
  year          = {2025}
}

@misc{kingma2017adammethodstochasticoptimization,
  title         = {Adam: A Method for Stochastic Optimization}, 
  author        = {Diederik P. Kingma and Jimmy Ba},
  year          = {2017},
  eprint        = {1412.6980},
  archivePrefix = {arXiv},
  primaryClass  = {cs.LG},
  url           = {https://arxiv.org/abs/1412.6980}, 
}
